%% LaTeX2e file `example.bib'
%% generated by the `filecontents' environment
%% from source `documentation' on 2023/12/25.
%%
@article{Riemann1859,
  title={Über die {A}nzahl der {P}rimzahlen unter einer gegebenen {G}röße},
  author={Riemann, G. F. B.},
  journal={Monatsberichte der Königlichen Preußischen Akademie der Wissenschaften},
  year={Nov. 1859},
  pages={671--680},
  address={Berlin}
}
